<record><leader>05952nam a2200613 i 4500</leader><controlfield tag="001">6742017</controlfield><controlfield tag="005">20141120143345.0</controlfield><controlfield tag="006">m    eo  d        </controlfield><controlfield tag="007">cr cn |||m|||a</controlfield><controlfield tag="008">141120s2015    caua   foab   000 0 eng d</controlfield><datafield ind1=" " ind2=" " tag="020"><subfield code="a">9781627054515</subfield><subfield code="q">ebook</subfield></datafield><datafield ind1=" " ind2=" " tag="020"><subfield code="z">9781627054508</subfield><subfield code="q">print</subfield></datafield><datafield ind1="7" ind2=" " tag="024"><subfield code="a">10.2200/S00600ED1V01Y201409WEB009</subfield><subfield code="2">doi</subfield></datafield><datafield ind1=" " ind2=" " tag="035"><subfield code="a">ocn896434163</subfield></datafield><datafield ind1=" " ind2=" " tag="039"><subfield code="a">exclude</subfield></datafield><datafield ind1=" " ind2=" " tag="040"><subfield code="a">CaBNVSL</subfield><subfield code="b">eng</subfield><subfield code="e">rda</subfield><subfield code="c">CaBNVSL</subfield><subfield code="d">CaBNVSL</subfield><subfield code="d">AEU</subfield></datafield><datafield ind1=" " ind2="4" tag="050"><subfield code="a">RM301.25</subfield><subfield code="b">.C447 2015</subfield></datafield><datafield ind1=" " ind2="4" tag="060"><subfield code="a">QV 744</subfield><subfield code="b">C447s 2015</subfield></datafield><datafield ind1="0" ind2="4" tag="082"><subfield code="a">615.19</subfield><subfield code="2">23</subfield></datafield><datafield ind1=" " ind2=" " tag="090"><subfield code="a">Internet Access</subfield><subfield code="b">AEU</subfield></datafield><datafield ind1="1" ind2=" " tag="100"><subfield code="a">Chen, Bin,</subfield><subfield code="d">1983-,</subfield><subfield code="e">author.</subfield></datafield><datafield ind1="1" ind2="0" tag="245"><subfield code="a">Semantic breakthrough in drug discovery /</subfield><subfield code="c">Bin Chen, Huijun Wang, Ying Ding, David Wild.</subfield></datafield><datafield ind1=" " ind2="1" tag="264"><subfield code="a">San Rafael, California (1537 Fourth Street, San Rafael, CA  94901 USA) :</subfield><subfield code="b">Morgan &amp; Claypool,</subfield><subfield code="c">2015.</subfield></datafield><datafield ind1=" " ind2=" " tag="300"><subfield code="a">1 online resource (ix, 132 pages) :</subfield><subfield code="b">illustrations.</subfield></datafield><datafield ind1=" " ind2=" " tag="336"><subfield code="a">text</subfield><subfield code="2">rdacontent</subfield></datafield><datafield ind1=" " ind2=" " tag="337"><subfield code="a">electronic</subfield><subfield code="2">isbdmedia</subfield></datafield><datafield ind1=" " ind2=" " tag="338"><subfield code="a">online resource</subfield><subfield code="2">rdacarrier</subfield></datafield><datafield ind1="1" ind2=" " tag="490"><subfield code="a">Synthesis lectures on the semantic web, theory and technology,</subfield><subfield code="x">2160-472X ;</subfield><subfield code="v"># 9</subfield></datafield><datafield ind1=" " ind2=" " tag="500"><subfield code="a">Part of: Synthesis digital library of engineering and computer science.</subfield></datafield><datafield ind1=" " ind2=" " tag="504"><subfield code="a">Includes bibliographical references (pages 113-129).</subfield></datafield><datafield ind1="0" ind2=" " tag="505"><subfield code="a">1. Introduction -- 1.1 Background -- 1.2 Data representation in the Semantic Web -- 1.3 Data query, management, and integration -- 1.4 Knowledge discovery in semantically integrated datasets -- 1.5 Chem2Bio2RDF --</subfield></datafield><datafield ind1="8" ind2=" " tag="505"><subfield code="a">2. Data representation and integration using RDF -- 2.1 Background -- 2.2 Methods -- 2.3 Discussion -- 2.4 Conclusion --</subfield></datafield><datafield ind1="8" ind2=" " tag="505"><subfield code="a">3. Data representation and integration using OWL -- 3.1 Introduction -- 3.2 System and methods -- 3.3 Implementation -- 3.4 Use cases -- 3.5 Discussion -- 3.6 Conclusion --</subfield></datafield><datafield ind1="8" ind2=" " tag="505"><subfield code="a">4. Finding complex biological relationships in PubMed articles using Bio-LDA -- 4.1 Introduction -- 4.2 Materials and methods -- 4.2.1 Databases -- 4.2.2 Bio-LDA -- 4.3 Experimental results -- 4.3.1 Analyzing the Bio-LDA model results -- 4.3.2 Comparing the Bio-LDA and LDA models -- 4.3.3 Identification of bio-term relationships within topics -- 4.3.4 Discovery of bio-term associations -- 4.4 Application tools -- 4.4.1 Literature Association Score Calculator (LASC) -- 4.4.2 Associated Bio-Terms Finder (ABTF) -- 4.5 Conclusion --</subfield></datafield><datafield ind1="8" ind2=" " tag="505"><subfield code="a">5. Integrated semantic approach for systems chemical biology knowledge discovery -- 5.1 Introduction -- 5.2 Datasets -- 5.3 Methods -- 5.3.1 Association prediction -- 5.3.2 Association search -- 5.3.3 Association exploration -- 5.3.4 Connectivity-map generation -- 5.3.5 Chem2Bio2RDF extension -- 5.4 Application tools -- 5.4.1 Association predictor -- 5.4.2 Association searcher -- 5.4.3 Association explorer -- 5.5 Use cases -- 5.5.1 Identifying potential drugs for a target -- 5.5.2 Investigating drug polypharmacology using association search -- 5.5.3 Building a disease-specific drug-protein connectivity map -- 5.5.4 Association search for discovery compounds -- 5.6 Conclusion --</subfield></datafield><datafield ind1="8" ind2=" " tag="505"><subfield code="a">6. Semantic link association prediction -- 6.1 Introduction -- 6.2 Materials and methods -- 6.2.1 Network building -- 6.2.2 Drug target pair preparation -- 6.2.3 Path finding -- 6.2.4 Statistical model -- 6.2.5 Model evaluation -- 6.2.6 Assess drug similarity -- 6.3 Results -- 6.3.1 Semantic linked data -- 6.3.2 Pattern score distribution -- 6.3.3 Pattern importance -- 6.3.4 Association scores of drug target pairs -- 6.3.5 Comparison with connectivity maps -- 6.3.6 Assessing drug similarity from biological function -- 6.4 Web services -- 6.5 Discussion --</subfield></datafield><datafield ind1="8" ind2=" " tag="505"><subfield code="a">7. Conclusions -- References -- Authors' biographies.</subfield></datafield><datafield ind1=" " ind2=" " tag="506"><subfield code="a">Access restricted to authorized users and institutions.</subfield></datafield><datafield ind1="3" ind2=" " tag="520"><subfield code="a">The current drug development paradigm, sometimes expressed as, "one disease, one target, one drug," is under question, as relatively few drugs have reached the market in the last two decades. Meanwhile, the research focus of drug discovery is being placed on the study of drug action on biological systems as a whole, rather than on individual components of such systems. The vast amount of biological information about genes and proteins and their modulation by small molecules is pushing drug discovery to its next critical steps, involving the integration of chemical knowledge with these biological databases. Systematic integration of these heterogeneous datasets and the provision of algorithms to mine the integrated datasets would enable investigation of the complex mechanisms of drug action; however, traditional approaches face challenges in the representation and integration of multi-scale datasets, and in the discovery of underlying knowledge in the integrated datasets. The Semantic Web, envisioned to enable machines to understand and respond to complex human requests and to retrieve relevant, yet distributed, data, has the potential to trigger system-level chemical-biological innovations. Chem2Bio2RDF is presented as an example of utilizing Semantic Web technologies to enable intelligent analyses for drug discovery.</subfield></datafield><datafield ind1=" " ind2=" " tag="588"><subfield code="a">Title from PDF title page (viewed on November 20, 2014).</subfield></datafield><datafield ind1=" " ind2=" " tag="596"><subfield code="a">44</subfield></datafield><datafield ind1="0" ind2="0" tag="630"><subfield code="a">Chem2Bio2RDF.</subfield></datafield><datafield ind1=" " ind2="0" tag="650"><subfield code="a">Drug development.</subfield></datafield><datafield ind1=" " ind2="0" tag="650"><subfield code="a">Drugs</subfield><subfield code="x">Research.</subfield></datafield><datafield ind1=" " ind2="0" tag="650"><subfield code="a">Semantic Web.</subfield></datafield><datafield ind1=" " ind2="2" tag="650"><subfield code="a">Drug Discovery.</subfield></datafield><datafield ind1="1" ind2=" " tag="700"><subfield code="a">Wang, Huijun.,</subfield><subfield code="e">author.</subfield></datafield><datafield ind1="1" ind2=" " tag="700"><subfield code="a">Ding, Ying,</subfield><subfield code="d">1955-,</subfield><subfield code="e">author.</subfield></datafield><datafield ind1="1" ind2=" " tag="700"><subfield code="a">Wild, David.,</subfield><subfield code="e">author.</subfield></datafield><datafield ind1=" " ind2="0" tag="830"><subfield code="a">Synthesis digital library of engineering and computer science.</subfield></datafield><datafield ind1=" " ind2="0" tag="830"><subfield code="a">Synthesis lectures on the semantic web, theory and technology ;</subfield><subfield code="v"># 9.</subfield><subfield code="x">2160-472X</subfield></datafield><datafield ind1="4" ind2="0" tag="856"><subfield code="3">University of Alberta Access</subfield><subfield code="u">http://dx.doi.org/10.2200/S00600ED1V01Y201409WEB009</subfield></datafield><datafield ind1=" " ind2=" " tag="949"><subfield code="h">UAIN</subfield><subfield code="z">SYNTHDIG</subfield></datafield><datafield ind1=" " ind2=" " tag="926"><subfield code="a">Internet Access</subfield><subfield code="w">LC</subfield><subfield code="c">1</subfield><subfield code="i">6742017-1001</subfield><subfield code="l">INTERNET</subfield><subfield code="m">UAINTERNET</subfield><subfield code="r">Y</subfield><subfield code="s">Y</subfield><subfield code="t">E-RESOURCE</subfield><subfield code="u">11/25/2014</subfield><subfield code="x">E-BOOK</subfield><subfield code="z">SYNTHDIG</subfield></datafield></record>